<record><leader>00000cas a22000007a 4500</leader><controlfield tag="001">35111008</controlfield><controlfield tag="008">960719d197319uumeuwr ne      0    0eng d</controlfield><datafield ind1=" " ind2=" " tag="010"><subfield code="a">sn 96075101 </subfield></datafield><datafield ind1=" " ind2=" " tag="040"><subfield code="a">MBN</subfield><subfield code="b">eng</subfield><subfield code="c">MBN</subfield><subfield code="d">OCLCQ</subfield><subfield code="d">OCLCF</subfield><subfield code="d">OCLCO</subfield></datafield><datafield ind1=" " ind2=" " tag="042"><subfield code="a">msc</subfield></datafield><datafield ind1=" " ind2=" " tag="043"><subfield code="a">n-us-me</subfield></datafield><datafield ind1="0" ind2=" " tag="130"><subfield code="a">Franklin County times (Wilton, Me.)</subfield></datafield><datafield ind1="1" ind2="4" tag="245"><subfield code="a">The Franklin County times.</subfield></datafield><datafield ind1=" " ind2=" " tag="260"><subfield code="a">Wilton, Me. :</subfield><subfield code="b">Wilton Pub. Co.</subfield></datafield><datafield ind1=" " ind2=" " tag="300"><subfield code="a">v.</subfield></datafield><datafield ind1=" " ind2=" " tag="310"><subfield code="a">Weekly</subfield></datafield><datafield ind1="0" ind2=" " tag="362"><subfield code="a">Vol. 25, no. 34 (Aug. 22, 1973)-</subfield></datafield><datafield ind1=" " ind2="0" tag="651"><subfield code="a">Wilton (Me.)</subfield><subfield code="v">Newspapers.</subfield></datafield><datafield ind1=" " ind2="7" tag="655"><subfield code="a">Newspapers.</subfield><subfield code="2">fast</subfield><subfield code="0">(OCoLC)fst01423814</subfield></datafield><datafield ind1=" " ind2="7" tag="651"><subfield code="a">Maine</subfield><subfield code="z">Wilton.</subfield><subfield code="2">fast</subfield><subfield code="0">(OCoLC)fst01223540</subfield></datafield><datafield ind1=" " ind2=" " tag="752"><subfield code="a">United States</subfield><subfield code="b">Maine</subfield><subfield code="c">Franklin</subfield><subfield code="d">Wilton.</subfield></datafield><datafield ind1="0" ind2="0" tag="780"><subfield code="t">Wilton times (Wilton, Me.)</subfield><subfield code="w">(DLC)sn 99066552</subfield></datafield></record>